<record><leader>00000cas a22000007a 4500</leader><controlfield tag="001">23092208</controlfield><controlfield tag="008">910212d1859186uctuwr ne      0    0eng d</controlfield><datafield ind1=" " ind2=" " tag="010"><subfield code="a">sn 90066613 </subfield></datafield><datafield ind1=" " ind2=" " tag="040"><subfield code="a">NYS</subfield><subfield code="b">eng</subfield><subfield code="c">NYS</subfield><subfield code="d">CNW</subfield><subfield code="d">OCL</subfield><subfield code="d">OCLCQ</subfield><subfield code="d">CNW</subfield><subfield code="d">OCLCF</subfield><subfield code="d">OCLCO</subfield></datafield><datafield ind1="1" ind2=" " tag="029"><subfield code="a">AU@</subfield><subfield code="b">000020225593</subfield></datafield><datafield ind1=" " ind2=" " tag="042"><subfield code="a">msc</subfield></datafield><datafield ind1="0" ind2=" " tag="130"><subfield code="a">New Britain times (New Britain, Conn. : 1859)</subfield></datafield><datafield ind1="0" ind2="0" tag="245"><subfield code="a">New Britain times.</subfield></datafield><datafield ind1=" " ind2=" " tag="260"><subfield code="a">New Britain, Conn. :</subfield><subfield code="b">L.M. Guernsey,</subfield></datafield><datafield ind1=" " ind2=" " tag="300"><subfield code="a">v.</subfield></datafield><datafield ind1=" " ind2=" " tag="310"><subfield code="a">Weekly</subfield></datafield><datafield ind1="0" ind2=" " tag="362"><subfield code="a">Vol. 3, no. 71 (Sept. 17, 1859)-</subfield></datafield><datafield ind1=" " ind2=" " tag="530"><subfield code="a">Also available on microfilm from Connecticut State Library, Hartford, CT.</subfield></datafield><datafield ind1=" " ind2="0" tag="651"><subfield code="a">New Britain (Conn.)</subfield><subfield code="v">Newspapers.</subfield></datafield><datafield ind1=" " ind2="7" tag="655"><subfield code="a">Newspapers.</subfield><subfield code="2">fast</subfield><subfield code="0">(OCoLC)fst01423814</subfield></datafield><datafield ind1=" " ind2="7" tag="651"><subfield code="a">Connecticut</subfield><subfield code="z">New Britain.</subfield><subfield code="2">fast</subfield><subfield code="0">(OCoLC)fst01202983</subfield></datafield><datafield ind1="1" ind2=" " tag="700"><subfield code="a">Guernsey, Lucius M.</subfield></datafield><datafield ind1=" " ind2=" " tag="752"><subfield code="a">United States</subfield><subfield code="b">Connecticut</subfield><subfield code="c">Hartford</subfield><subfield code="d">New Britain.</subfield></datafield><datafield ind1="0" ind2="0" tag="780"><subfield code="t">North and South, and New Britain journal</subfield><subfield code="w">(DLC)sn 82014520</subfield><subfield code="w">(OCoLC)8783563</subfield></datafield></record>